@book{qualitative,
author="Thagaard, Tove",
title="Systematikk og innlevelse - en innføring i kvalitativ metode",
publisher="Fagbokforlaget",
year="2011",
edition="3"
}
@article{interview,
title = "The qualitative interview in {IS} research: Examining the craft",
journal = "Information and Organization",
volume = "17",
number = "1",
year = "2007",
note = "",
issn = "1471-7727",
doi = "10.1016/j.infoandorg.2006.11.001",
url = "http://www.sciencedirect.com/science/article/pii/S1471772706000352",
author = "Michael D. Myers and Michael Newman"
}
@misc{seniornett,
title="Seniornett",
howpublished="\url{http://www.seniornett.no/}",
note="visited: 14/02/13"
}
@article{susi2007serious,
title={Serious games: An overview},
author={Susi, Tarja and Johannesson, Mikael and Backlund, Per},
year={2007},
publisher={Institutionen f{\"o}r kommunikation och information}
}
@article{zyda2005visual,
title={From visual simulation to virtual reality to games},
author={Zyda, Michael},
journal={Computer},
volume={38},
number={9},
pages={25--32},
year={2005},
publisher={IEEE}
}
@misc{idate,
title="Serious Games - A 10 billion euro market in 2015",
author="IDATE",
howpublished="\url{http://www.idate.org/2009/pages/download.php?id=147&idl=21&t=f_telech_actu&fic=518_Serious_Games_VA.pdf&repertoire=news/518_Serious_Games}",
note="visited: 14/02/13"
}
@misc{alfingewang,
title="Dataspill som datateknisk forskningsobjekt - Seriøse dataspill",
author="Wang, Alf Inge",
howpublished="\url{http://events.idi.ntnu.no/symp11/slides/AlfInge.pdf}",
note="visited: 14/02/13, in norwegian"
}
@unpublished{project,   
author= "Omholt, Kine Aa. and W{æ}rstad, Mathilde",
title= "Business Opportunities and Economics for an Exercise Game in the Health Sector",
note= "Project Assignment",
month= {dec},
year={2012}
}
@misc{videogamedef,
author="Children's Health",
title="Video games",
howpublished="\url{http://www.healthofchildren.com/U-Z/Video-Games.html#b}",
note="visited: 21/11/12"
}
@inproceedings{ijsselsteijn2007digital,
title={Digital game design for elderly users},
author={Ijsselsteijn, Wijnand and Nap, Henk Herman and de Kort, Yvonne and Poels, Karolien},
booktitle={Proceedings of the 2007 conference on Future Play},
pages={17--22},
year={2007},
organization={ACM}
}
